%------------- ตำรา ---------------------------
 
 @article{pomerance, title={The Quadratic Sieve Factoring Algorithm}, DOI={10.1007/3-540-39757-4_17}, journal={Advances in Cryptology Lecture Notes in Computer Science}, author={Pomerance, Carl}, pages={169–182}}
 
 @article{landquist_2001, title={The Quadratic Sieve Factoring Algorithm}, url={https://www.cs.virginia.edu/crab/QFS_Simple.pdf}, journal={MATH 488: Cryptographic Algorithms}, author={Landquist, Eric}, year={2001}, month={Jan}}
 
 @article{canfield_erdös_pomerance_1983, title={On a problem of Oppenheim concerning “factorisatio numerorum”}, volume={17}, DOI={10.1016/0022-314x(83)90002-1}, number={1}, journal={Journal of Number Theory}, author={Canfield, E.r and Erdös, Paul and Pomerance, Carl}, year={1983}, pages={1–28}}
 
 @misc{maosef, title={Maosef/Quadratic-Sieve: A straightforward, no bells or whistles single-polynomial version of Quadratic Sieve for integer factorization}, url={https://github.com/Maosef/Quadratic-Sieve}, journal={GitHub}, author={Maosef}}